<?xml version="1.0" encoding="UTF-8"?><collection xmlns="http://www.loc.gov/MARC21/slim"><record><leader>00504nam--2200169-i-4500</leader><controlfield tag="001">000018026</controlfield><controlfield tag="002">20161230</controlfield><controlfield tag="005">20161230201032</controlfield><controlfield tag="008">060222s1000------------r-----000-0-ger-d</controlfield><datafield ind1=" " ind2=" " tag="041"><subfield code="a">ger</subfield></datafield><datafield ind1=" " ind2=" " tag="080"><subfield code="a">53</subfield></datafield><datafield ind1="1" ind2=" " tag="100"><subfield code="a">Ebert, Hermann</subfield></datafield><datafield ind1="1" ind2="0" tag="245"><subfield code="a">Physikalisches taschenbuch.heraugegeben von ebert, hermann.2 erweiterte und verbesserte auflage</subfield><subfield code="c">Hermann ebert</subfield></datafield><datafield ind1=" " ind2=" " tag="260"><subfield code="a">Braunschweig</subfield><subfield code="b">Friederich Vieweg &amp; Sohn</subfield><subfield code="c">1957</subfield></datafield><datafield ind1=" " ind2=" " tag="300"><subfield code="a">VIII + 544 P</subfield></datafield><datafield ind1=" " ind2=" " tag="852"><subfield code="a">12954</subfield><subfield code="c">53.081</subfield></datafield><datafield ind1=" " ind2=" " tag="CAT"><subfield code="a">Sys</subfield><subfield code="c">20151112</subfield><subfield code="h">131714</subfield></datafield></record></collection>